<?xml version="1.0" encoding="UTF-8"?><collection><record><leader>08439ntm a2200553 a 4500</leader><controlfield tag="001">006834153</controlfield><controlfield tag="003">MiAaHDL</controlfield><controlfield tag="005">20190719000000.0</controlfield><controlfield tag="006">m        d        </controlfield><controlfield tag="007">cr bn ---auaua</controlfield><controlfield tag="008">090706s1576    xx            00| ||ara d</controlfield><datafield tag="035" ind1=" " ind2=" "><subfield code="a">(MiU)006834153</subfield></datafield><datafield tag="035" ind1=" " ind2=" "><subfield code="a">sdr-miu006834153</subfield></datafield><datafield tag="040" ind1=" " ind2=" "><subfield code="a">MiU</subfield><subfield code="c">MiU</subfield><subfield code="e">amremm</subfield></datafield><datafield tag="043" ind1=" " ind2=" "><subfield code="a">n-us-mi</subfield></datafield><datafield tag="100" ind1="1" ind2=" "><subfield code="6">880-01</subfield><subfield code="a">Saʻdī Chalabī, Saʻd Allāh ibn ʻĪsá,</subfield><subfield code="d">-1538 or 1539.</subfield></datafield><datafield tag="245" ind1="1" ind2="0"><subfield code="6">880-03</subfield><subfield code="a">Ḥāshiyat Saʻdī Chalabī ʻalá al-Hidāyah,</subfield><subfield code="f">[984 , i.e. 1576].</subfield></datafield><datafield tag="246" ind1="3" ind2=" "><subfield code="i">Edge title:</subfield><subfield code="a">سعدى على الهداية</subfield></datafield><datafield tag="260" ind1=" " ind2=" "><subfield code="c">[1576].</subfield></datafield><datafield tag="300" ind1=" " ind2=" "><subfield code="a">264 leaves :</subfield><subfield code="b">paper ;</subfield><subfield code="c">270 x 183 (181 x 95) mm.</subfield></datafield><datafield tag="500" ind1=" " ind2=" "><subfield code="a">Shelfmark: Ann Arbor, University of Michigan, Special Collections Library, Isl. Ms. 1014</subfield></datafield><datafield tag="500" ind1=" " ind2=" "><subfield code="a">Origin: As appears in colophon on p.524, copied by Muṣṭafá ibn ʻAbd al-Karīm (Mustafa bin Abdülkerim) with transcription of the latter section (al-niṣf al-thānī) completed in 983 [1575 or 6]. As appears in colophon on p.228, transcription of the opening section (and the entire manuscript) completed Rabīʻ II 984 [July 1576]. As explained by the copyist in the colophon for the opening section (p.228), he began the transcription with the second section but was delayed in completing the full work due to difficulty acquiring a copy of the first section from which he could make his copy.</subfield></datafield><datafield tag="500" ind1=" " ind2=" "><subfield code="a">Former shelfmark: Mich. Isl. Ms. temp. no. 163</subfield></datafield><datafield tag="500" ind1=" " ind2=" "><subfield code="a">Binding: Pasteboards covered in deep red leather ; Type III binding (without flap) ; lower doublure in brown leather, upper pastedown / flyleaf (now affixed to opening leaf) in pale yellow paper ; upper and lower covers carry stamped and gold-painted scalloped mandorla (filled with vegetal composition, compare Déroche class. OAi 14) and tooled border in gold and black ; sewn in light-pink thread, two stations ; worked chevron endbands in light yellow and light pink, fair condition ; overall in somewhat poor condition with significant staining and abrasion, lifting and losses of leather, etc. ; repairs to spine and board corners in bright red leather, including fill in lower cover.</subfield></datafield><datafield tag="500" ind1=" " ind2=" "><subfield code="a">Support: non-European (likely Arab) laid paper with 8 laid lines per cm. (20 in 25 mm., horizontal) and chain lines grouped in threes mainly with 9-11 mm. between chains and 32-40 mm. between groups (vertical), 14-17 mm. between chains and 44-52 mm. between groups also observed (see p.32) ; well-sized and burnished to glossy, sturdy, fairly transluscent.</subfield></datafield><datafield tag="500" ind1=" " ind2=" "><subfield code="a">Decoration: Simple illuminated 'headpiece' (ʻunwān) at opening on p.2 consisting of rectangular piece carrying the basmalah in gold tawqīʻ with gold flanking pieces and vocalization and accents in blue and gold, surmounted by an empty well ; keywords (قال المص, قوله, اقول) and section headings chrysographed, rubricated or in blue ; written area through p.20 surrounded by gold frame defined by black fillets, elsewhere surrounded by blue rule-border ; textual dividers in the form of gold, blue and red discs.</subfield></datafield><datafield tag="500" ind1=" " ind2=" "><subfield code="a">Script: Naskh ; elegant, compact Ottoman hand [as well as possibly Iraqi or 'Syrian'?] in a medium line ; serifless with marked effect of tilt to the left, curvilinear descenders, pointing (two and three dots) mainly in conjoined dots, final yāʼ usually unpointed.</subfield></datafield><datafield tag="500" ind1=" " ind2=" "><subfield code="a">Layout: Written in 29 lines per page ; frame-ruled.</subfield></datafield><datafield tag="500" ind1=" " ind2=" "><subfield code="a">Collation: 10 V(100), VII (114), 15 V(264) ; almost exclusively quinions ; middle of the quire marks in the form of black strokes in the outer margin of the left-hand leaf (beginning with the second) ; page between the two sections left blank (p.229) ; catchwords present ; pagination in pencil, Western numerals, supplied during digitization.</subfield></datafield><datafield tag="500" ind1=" " ind2=" "><subfield code="a">Colophon: [al-niṣf al-awwal] "Scribal," rectangular, reads "قد اتفق الفراغ من تحرير هذه النسخة الشريفة في ليلة الخميس قبيل وقت العشاء من شهر ربيع الاخر من شهور سنة اربع وثمانين وتسعمائة وقد كان كتب ما بعد كتاب البيوع ونبذ من اوله في السنة الاولى ولكن تاخر الاتمام لكون الصعوبة في تحصيل النسخة لعزتها بين العلماء العظام وقلتها فيما بين العوام من الانام الحمد لله على التمام ونصلي على رسوله محمد سيد الانام وعلى اله واصحابه الكرام" ; [al-niṣf al-thānī] "Scribal," triangular, reads "اتفق الفراغ من كتبة هذه النسخة الشريفة على يد اضعف عباد الله الرحيم العبد الجريم مصطفى بن عبد الكريم بتاريخ سنة ثلث وثمانين وتسعمائة غفر الله لمن طالعه ودعا لمؤلفه وكاتبه تم"</subfield></datafield><datafield tag="500" ind1=" " ind2=" "><subfield code="a">Explicit: "اقول وقد صرح في اول الجنايات تؤثر في سقوط القصاص تم تم تم"</subfield></datafield><datafield tag="500" ind1=" " ind2=" "><subfield code="a">Incipit: "الحمد لله لمن لا غاية لعنايته الازلية ولا نهاية لهدايته العلية ... وبعد فان العبد الفقير الى عناية الله المستعان المدعو بعبد الرحمن يقول ايها الاخوان هذا نبذ من فوائد الاستاذ النافع والسعد البادع ... سعد بن عيسى بن امير خان افاض الله تعالى عليهم ينابيع الرحمة والغفران ... فوجدت من كتبه كتاب العناية للهداية في يد بعض الورثة ... ثم وجدت من كتبه كتاب الهداية في سلك ملك بعض الاعيان فسألت عنه ذلك الكتاب بطريق العارية فارسل الي بلا امتنان فلما يسر الله الفوز بهذين الكتابين الذين صرف الاستاذ اكثر عمره الى تحشيتهما ... شرعت في جمع ما كتبه على هوامش الهداية وشرح اكمل الدين واسرعت الى تكميله وتتميمه بالتدوين ... ثم اعلم انه اذا ذكر قال المص ... فالمراد منه صاحب الهداية واذا ذكر قوله بالاحمر فالمراد منه الشارح اكمل الدين واذا ذكر اقول فالمراد منه الاستاذ المرحوم سعد الملة والدين ..."</subfield></datafield><datafield tag="500" ind1=" " ind2=" "><subfield code="a">Title from waqf statement on 'title page' now obscured by flyleaf (p.1).</subfield></datafield><datafield tag="500" ind1=" " ind2=" "><subfield code="a">Ms. codex.</subfield></datafield><datafield tag="510" ind1="4" ind2=" "><subfield code="a">Brockelmann, C. GAL,</subfield><subfield code="c">S I 645 ; I 376</subfield></datafield><datafield tag="520" ind1="8" ind2=" "><subfield code="a">Fine copy of the gloss by Saʻd Allāh ibn ʻĪsá ibn Amīr Khān, known as Saʻdī Chalabī or Saʻdī Afandī (Sadi Çelebi or Sadi Efendi, d.1538 or 9) upon al-ʻInāyah, the commentary by Akmal al-Dīn al-Babārtī (d.1384) on al-Hidāyah, the celebrated commentary by ʻAlī ibn Abī Bakr al-Marghīnānī (d. 593/1197) on his compendium of Ḥanafī law, Bidāyat al-mubtadiʼ fī furūʻ al-fiqh al-Ḥanafī. Arranged in two halves (النصف الاول والنصف الثانى) or volumes in one.</subfield></datafield><datafield tag="538" ind1=" " ind2=" "><subfield code="a">Mode of access: Internet.</subfield></datafield><datafield tag="541" ind1=" " ind2=" "><subfield code="c">Purchase ;</subfield><subfield code="a">Purchased in Egypt by Mr. Sulaiman ;</subfield><subfield code="d">Received: 10/17/1968 ;</subfield><subfield code="e">(Sulaiman 690713-156)</subfield></datafield><datafield tag="546" ind1=" " ind2=" "><subfield code="a">Arabic.</subfield></datafield><datafield tag="561" ind1=" " ind2=" "><subfield code="a">Waqf statement on 'title page' now obscured by flyleaf (p.1) dated 1212 [1797 or 8] in name of Katkhudā-yi Baghdād Aḥmad Pāshā ( كتخداى بغداد احمد پاشا / Kethüda-yi Bağdad Ahmet Paşa ) accompanied by oval seal impression ; inscribed by UM Library on p.526 "Spec. Coll. Lib. 690713-156 Sulaiman 1968" ; occasional glosses and corrections.</subfield></datafield><datafield tag="600" ind1="0" ind2="0"><subfield code="a">Akmal al-Dīn al-Bābartī, Muḥammad ibn Maḥmūd,</subfield><subfield code="d">1310 or 11-1384 or 5.</subfield><subfield code="t">ʻInāyah ʻalá al-Hidāyah.</subfield></datafield><datafield tag="600" ind1="1" ind2="0"><subfield code="a">Marghīnānī, ʻAlī ibn Abī Bakr,</subfield><subfield code="d">d. 1196 or 7.</subfield><subfield code="t">Hidāyah.</subfield></datafield><datafield tag="650" ind1=" " ind2="0"><subfield code="a">Manuscripts, Arabic</subfield><subfield code="z">Michigan</subfield><subfield code="z">Ann Arbor.</subfield></datafield><datafield tag="650" ind1=" " ind2="0"><subfield code="a">Hanafites</subfield><subfield code="v">Early works to 1800.</subfield></datafield><datafield tag="650" ind1=" " ind2="0"><subfield code="a">Islamic law</subfield><subfield code="v">Early works to 1800.</subfield></datafield><datafield tag="655" ind1=" " ind2="7"><subfield code="a">Headpieces (layout features)</subfield><subfield code="y">16th century.</subfield><subfield code="2">aat</subfield></datafield><datafield tag="773" ind1="0" ind2=" "><subfield code="a">Sulaiman Purchase Collection.</subfield></datafield><datafield tag="880" ind1="1" ind2="0"><subfield code="6">245-03/</subfield><subfield code="a">حاشية سعدي چلبي على الهداية,</subfield><subfield code="f">[984ه, 1576م].</subfield></datafield><datafield tag="880" ind1="1" ind2=" "><subfield code="6">100-01/</subfield><subfield code="a">سعدي چلبي، سعد الله بن عيسى.</subfield></datafield><datafield tag="CID" ind1=" " ind2=" "><subfield code="a">006834153</subfield></datafield><datafield tag="DAT" ind1="0" ind2=" "><subfield code="a">20190719102641.0</subfield><subfield code="b">20190719000000.0</subfield></datafield><datafield tag="DAT" ind1="1" ind2=" "><subfield code="a">20190719090653.0</subfield><subfield code="b">2019-07-19T16:12:20Z</subfield></datafield><datafield tag="DAT" ind1="2" ind2=" "><subfield code="a">2015-10-02T18:00:03Z</subfield></datafield><datafield tag="CAT" ind1=" " ind2=" "><subfield code="a">SDR-MIU</subfield><subfield code="d">EX LIBRIS - ALEPH</subfield><subfield code="l">prepare.pl-004-008</subfield></datafield><datafield tag="FMT" ind1=" " ind2=" "><subfield code="a">BK</subfield></datafield><datafield tag="HOL" ind1=" " ind2=" "><subfield code="0">sdr-miu006834153</subfield><subfield code="a">MiU</subfield><subfield code="b">SDR</subfield><subfield code="c">MIU</subfield><subfield code="p">mdp.39015079131986</subfield><subfield code="s">MIU</subfield><subfield code="1">006834153</subfield></datafield><datafield tag="974" ind1=" " ind2=" "><subfield code="b">MIU</subfield><subfield code="c">MIU</subfield><subfield code="d">20190719</subfield><subfield code="s">lit-dlps-dc</subfield><subfield code="u">mdp.39015079131986</subfield><subfield code="y">1576</subfield><subfield code="r">pd</subfield><subfield code="q">bib</subfield><subfield code="t">non-US bib date1 &lt; 1879</subfield></datafield></record></collection>